@misc{wb_history,
  author={{The World Bank}},
  year={2015},
  title={History of the World Bank},
  howpublished={\url{http://www.worldbank.org/en/about/history}},
  urldate={2015-12-01}
}

@misc{wb_data,
  author={{The World Bank}},
  title = {Data Bank},
  year = 2015,
  howpublished = {\url{http://data.worldbank.org}},
  urldate = {2015-12-01}
}

@misc{wb_about,
  author={{The World Bank}},
  title = {What we do},
  year = 2015,
  howpublished =  {\url{http://www.worldbank.org/en/about/what-we-do}},
  urldate = {2015-12-01}
}

@misc{wb_report,
  author={{The World Bank}},
  title = {Report Suspected Fraud or Corruption},
  year = 2015,
  howpublished =  { \url{http://go.worldbank.org/OBUOB60810}},
  urldate = {2015-12-01}
}


@misc{wb_rules,
  author={{The World Bank}},
  title = {Procurements Rules},
  year = 2015,
  howpublished = {\url{http://go.worldbank.org/ZYEAU7SVT0}},
  urldate = {2015-12-01}
}

@article{wb_poster,
  author={Francis Gagnon and Betsy Wiramidjaja},
  title = {Poster: What does Corruption look like?},
  year = 2014,
  journal={Integrity Vice Presidency, The World Bank. Washington, D.C.}
}

@article{wb_g_proc,
  author={{The World Bank}},
  title={Guidelines: Procurement of goods, works, and non-consulting services under IBRD loans and IDA credits and grants},
  year={2011},
  journal={The International Bank for Reconstruction and Development, Washington, D.C.}
}

@article{wb_g_cons,
  author={{The World Bank}},
  title={Guidelines: Selection and Employment of Consultants under IBRD Loans and IDA Credits and Grants},
  year={2011},
  journal={The International Bank for Reconstruction and Development, Washington, D.C.}
}

@misc{wb_sample_proc,
  author={{The World Bank}},
  title={Procurement Plan Template},
  year={2011},
  publisher={Washington, D.C.},
  howpublished={\url{http://siteresources.worldbank.org/INTPROCUREMENT/Resources/Sample_of_Summarized_Procurement_Plan.docx}},
  urldate={2015-12-01}
}

@misc{wb_debarment,
  author={{The World Bank}},
  year={2011},
  title={World Bank Listing of Ineligible Firms and Individuals},
  year={2015},
  publisher={Washington, D.C.},
  howpublished={\url{http://web.worldbank.org/external/default/main?contentMDK=64069844&menuPK=116730&pagePK=64148989&piPK=64148984&querycontentMDK=64069700&theSitePK=84266}},
  urldate={2015-12-01}
}


@misc{wb_examples,
  author={{The World Bank}},
  year={2011},
  title={What is Fraud and Corruption?},
  year={2015},
  publisher={Washington, D.C.},
  howpublished={\url{http://www.worldbank.org/en/about/unit/integrity-vice-presidency/what-is-fraud-and-corruption}},
  urldate={2015-12-01}
}



@misc{wb_investigations,
  author={{The World Bank}},
  year={2011},
  title={Investigations},
  year={2015},
  publisher={Washington, D.C.},
  howpublished={\url{http://www.worldbank.org/en/about/unit/integrity-vice-presidency/what-is-fraud-and-corruption}},
  urldate={2015-12-01}
}



@misc{wb_report,
  author={{The World Bank}},
  title={Report Suspected Fraud or Corruption},
  year={2015},
  publisher={Washington, D.C.},
  howpublished={\url{http://www.worldbank.org/en/about/unit/integrity-vice-presidency/report-an-allegation}},
  urldate={2015-12-01}
}



@misc{wb_complaint,
  author={{The World Bank}},
  title={Integrity Complaint Form},
  year={2015},
  publisher={Washington, D.C.},
  howpublished={\url{https://intlbankforreconanddev.ethicspointvp.com/custom/ibrd/_crf/english/form_data.asp}},
  urldate={2015-12-01}
}


@misc{wb_hydro,
  author={{The World Bank}},
  title={Transformational Hydropower Development Project Paves the Way for 9 Million People in the Democratic Republic of Congo to Gain Access to Electricity},
  year={2014},
  publisher={Washington, D.C.},
  howpublished={\url{http://www.worldbank.org/en/news/feature/2014/03/20/transformational-hydropower-development-project-paves-the-way-for-9-million-people-in-the-democratic-republic-of-congo-to-gain-access-to-electricity}},
  urldate={2015-12-01}
}

@misc{wb_coral,
  author={{The World Bank}},
  title={It Takes Villages to Conserve Indonesia's Precious Coral Reefs},
  year={2014},
  publisher={Washington, D.C.},
  howpublished={\url{http://www.worldbank.org/en/news/feature/2014/06/05/it-takes-villages-to-conserve-indonesia-precious-coral-reefs}},
  urldate={2015-12-01}
}

@misc{wb_roads,
  author={{The World Bank}},
  title={New roads and irrigation systems improve life in Ecuador},
  year={2014},
  publisher={Washington, D.C.},
  howpublished={\url{http://www.worldbank.org/en/news/feature/2014/06/04/nuevas-carreteras-y-sistemas-de-riego-mejoran-la-vida-en-ecuador}},
  urldate={2015-12-01}
}

@misc{wb_api,
  author={{The World Bank}},
  title={Accessing the World Bank Data APIs in Python, R, Ruby and Stata},
  year={2014},
  publisher={Washington, D.C.},
  howpublished={\url{http://blogs.worldbank.org/opendata/accessing-world-bank-data-apis-python-r-ruby-stata}},
  urldate={2015-12-01}
}


@misc{wb_python,
  author={{Oliver Sherouse}},
  title={Welcome to wbdata’s documentation},
  year={2014},
  publisher={Washington, D.C.},
  howpublished={\url{https://wbdata.readthedocs.org/en/latest/}},
  urldate={2015-12-01}
}

@misc{wb_r,
  author={{Vincent Arel-Bundock}},
  title={Package `WDI'},
  year={2014},
  publisher={Washington, D.C.},
  howpublished={\url{https://cran.r-project.org/web/packages/WDI/WDI.pdf}},
  urldate={2015-12-01}
}




@misc{dssg_proj_list,
  author={{Data Sience for Social Good, University of Chicago}},
  title = {What Makes a Good DSSG Project?},
  year = 2015,
  howpublished =  { \url{http://dssg.uchicago.edu/2015/11/04/what-makes-a-good-dssg-project/}},
  urldate = {2015-12-01}
}


@misc{dssg_proc,
  author={{Data Sience for Social Good, University of Chicago}},
  title = {Clean Development: Data Mining for Corruption Risks},
  year = 2014,
  howpublished =  { \url{http://dssg.uchicago.edu/2014/07/11/clean-development-data-mining-for-corruption-risks/}},
  urldate = {2015-12-01}
}

@misc{aws_es2,
  author={{Amazon Web Service}},
  title = {Amazon EC2 - Virtual Server Hosting},
  year = 2014,
  howpublished =  { \url{https://aws.amazon.com/ec2/?nc1=f_ls}},
  urldate = {2015-12-01}
}

@misc{wb_i_map,
  author={{Artem  Zubkov}},
  title = {World Bank Contract Awards},
  year = 2013,
  howpublished =  { \url{http://artzub.com}},
  urldate = {2015-12-01}
}






@book{aws_start,
  author={{Amazon Web Service}},
  title={Getting Started with AWS},
  publisher={Amazon Web Services, Inc},
  year={2015},
  url = {http://s3.amazonaws.com/awsdocs/gettingstarted/latest/awsgsg-intro.pdf}
}



%%%%%%%%%%%%%%%%%%%%%%%%

@misc{halvac,
  author={Hlavac, Marek},
  year={2014},
  title={stargazer: {LaTeX/HTML} code and {ASCII} text for well-formatted regression and summary statistics tables. {R} package version 5.1.},
  howpublished={\url{http://CRAN.R-project.org/package=stargazer}},
  urldate = {2015-12-01}
}

@article{r:maps,
  author={Becker, Richard A. and Allan R. Wilks},
  title={Maps in S},
  journal={AT\&T Bell Laboratories Statistics Research Report},
  volume={93 2},
  year={1993}
}

@article{Tange2011a,
   title = {{GNU Parallel} - The Command Line Power Tool},
   author = {Tange, O.},
   address = {Frederiksberg, Denmark},
   journal = {The USENIX Magazine},
   number = {num. 1},
   volume = {36},
   url = {http://www.gnu.org/s/parallel},
   year = {2011},
 pages = {42 a 47}
}

@misc{latex,
  author={{GNU project}},
  title={ {\LaTeX} - A document preparation system},
  howpublished ={\url{http://www.latex-project.org}},
  urldate = {2015-12-01}
}

@book{Bivand,
author={Bivand, Roger S. and Edzer J. Pebesma and Virgilio Gómez-Rubio},
title={Applied Spatial Data Analysis with R},
publisher={Springer, Baltimore, MD, USA},
year={2011}
}

@data{shp_mundo,
  author={Sandvik, Björn},
  title={World Borders Dataset},
  howpublished={\url{http://thematicmapping.org/downloads/world_borders.php}}
}

@misc{rstudio,
  author={RStudio},
  year={2015},
  title={Open source and enterprise-ready professional software for R},
  howpublished ={\url{http://www.rstudio.com}},
  urldate = {2015-12-01}
}

@misc{r_pagina,
  author={{GNU project}},
  title={The {R} Project for Statistical Computing},
  howpublished ={\url{http://www.r-project.org/about.html}},
  urldate = {2015-12-01}
}

@misc{python_about,
  author={{Python Software Foundation}},
  title={About Python},
  howpublished ={\url{https://www.python.org/about/}},
  urldate = {2015-12-01}
}

@book{wickham_ggplot,
  author={Wickham, Hadley},
  title={ggplot2: {Elegant} graphics for data analysis},
  year={2009},
  Publisher = {Springer},
  url={http://had.co.nz/ggplot2/book}
  }

@book{R:Bloomfield:2014,
  author = {Bloomfield, Victor A.},
  title = {Using {R} for Numerical Analysis in Science and Engineering},
  publisher = {Chapman \& Hall/CRC},
  url = {http://www.crcpress.com/product/isbn/9781439884485},
  year = {2014},
  isbn = {978-1439884485}
  }

@book{cressie,
  Author = {Cressie, Noel A. C.},
  Title = {Statistics for Spatial Data},
  Publisher = {Wiley},
  Edition = {Revised},
  Year = {1993}
  }

%%%%%%%%%%%%%%%%%%%%%%%%%%%%%%%

@misc{conapo,
author={CONAPO, Secretaría de Gobernación},
title={México en cifras},
  year = 2015,
  howpublished =  { \url{http://www.conapo.gob.mx/es/CONAPO/Mexico_en_cifras}},
  urldate = {2015-04-01}
}


@book{Bivand,
author={Bivand, Roger S. and Edzer J. Pebesma and Virgilio Gómez-Rubio},
title={Applied Spatial Data Analysis with R},
publisher={Springer, Baltimore, MD, USA},
year={2011}
}


@article{Kyriakidis,
author={Kyriakidis, P. C. and A. G. Journel},
title={Geostatistical Space-Time Models: A Review},
journal={Mathematical Geology},
year={1999},
volume={31},
number={6},
págs={651 a 684}
}

@book{Hengl,
title={A Practical Guide to Geostatistical Mapping of Environmental Variables},
author={Hengl, T.},
year={2007},
month={septiembre},
publisher={Office for Official Publications of the European Communities, Luxemburgo}
}

@book{Goovaerts,
author={Goovaerts, P.},
year={1997},
title={Geostatistics for Natural Resources Evaluation},
publisher={Oxford University Press, New York},
pages={pág. 496}
}

@article{Bhandari,
author={Bhandari, L. and K. Roychowdhury},
title={Night Lights and Economic Activity in India: A study using DMSP - OLS night time images},
year={2011},
journal={Hanoi Asia - Pacific Advanced Network}
}

@article{Zhao_calibra,
title = {Net primary production and gross domestic product in {China} derived from satellite imagery},
author = {Zhao, Naizhuo and Nate Currit and  Eric Samson},
year = {2011},
journal = {Ecological Economics},
volume = {70},
number = {5},
pages = {921 a 928}
}

@article{elvidge97,
author={Elvidge, Christopher D. and Kimberly E. Baugh and H. Korel and E. R. Davis and C. W. Davis},
title={Relation between satellite observed visible near infrared emissions, population, economic activity and electric power consumption},
journal={International Journal of Remote Sensing},
volume={18},
pages={1373 a 1379},
year={1997}}

@article{Elvidge_inter,
AUTHOR = {Elvidge, Christopher D. and  Daniel Ziskin and  Kimberly E. Baugh  and  Benjamin T. Tuttle and  Tilottama Ghosh and Dee W. Pack  and  Edward H. Erwin and  Mikhail Zhizhin},
TITLE = {A Fifteen Year Record of Global Natural Gas Flaring Derived from Satellite Data},
JOURNAL = {Energies},
VOLUME = {2},
YEAR = {2009},
NUMBER = {3},
PAGES = {595 a 622},
URL = {http://www.mdpi.com/1996-1073/2/3/595},
ISSN = {1996-1073},
DOI = {10.3390/en20300595}
}

@misc{dvalle,
author={Valle-Jones, Diego},
title={Descargar shapefiles de manazanas, {AGEB}, municipios, estados y mucho más del INEGI},
howpublished={ \url{http://blog.diegovalle.net/2013/06/shapefiles-of-mexico-agebs-manzanas-etc.html}}
}

@article{sutton05,
author={Sutton, Paul. C. and Christopher D. Elvidge and Tiltottama Ghosh},
title={Estimation of gross domestic Product at sub national scales using nighttime satellite Imagery},
journal={International Journal of Ecological Economics and Statistics ({IJEES})},
volume={8},
number={07},
pages={5-21},
year={2007}}

@article{ghosh09,
author={Ghosh, Tilottama and Sharolyn Anderson and Rebecca L. Powell and Paul C. Sutton  and Christopher D. Elvidge},
title={Estimation of {Mexico}'s Informal Economy and Remittances Using Nighttime Imagery},
year={2009},
journal={Remote Sensing},
volume={1},
pages={418 to 444},
month={agosto}
}

@article{ghosh10,
author={Ghosh, Tilottama and Rebecca L. Powell and Christopher D. Elvidge and Kimberly E. Baugh and Paul C. Sutton and Sharolyn Anderson},
title={Shedding Light on the Global Distribution of Economic Activity},
journal={The Open Geography Journal},
year={2010},
volume={3},
pages={147 to 160}
}

@article{Ebner,
author={Ebener, Steeve and Christopher Murray and Ajay Tandon and Christopher C. Elvidge},
title={From wealth to health: modelling the distribution of income per capita at the sub-national level using night-time light imagery},
journal= {International Journal of Health Geographics},
year={2005},
volume={4}}


@article{Dollmapas,
author={Doll, Christopher N.H. and Jan Peter Muller and  Jeremy G. Morley},
title={Mapping regional economic activity from night-time light satellite imagery},
journal={Ecological Economics},
year={2005},
url =  { \url{http://www.sciencedirect.com/science/article/pii/S0921800905001254}},
volume={57, 1},
pages={75 to 92}
}


@article{Dollemisions,
  author={Doll, Christopher N.H. and Jan-Peter Muller and Christopher D. Elvidge},
  title={Night-time Imagery as a Tool for Global Mapping of Socioeconomic Parameters and Greenhouse Gas Emissions},
  journal={AMBIO},
  year={2000},
  volume={29,3},
  month={mayo},
  pages={157 to 162},
  url =  { http://www.jstor.org/stable/4315020} 
}

@article{Doll,
  author={Christopher N. H. Doll},
  title={Thematic Guide to Night-time Light Remote Sensing and its Applications},
  journal={{CIESIN} Thematic Guide},
  year={2008},
  url={http://sedac.ciesin.columbia.edu/binaries/web/sedac/thematic-guides/ciesin_nl_tg.pdf}
}


@article{Hend, 
author={Henderson, Vernon and  Adam Storeygard and David N. Weil},
title={Measuring economic growth from outer space},
journal={American Economic Review},
volume={102},
number={2},
pages={994 a 1028},
year={2012}
}

@article{Hend11, 
author={Henderson, Vernon and  Adam Storeygard and David N. Weil},
title={A Bright idea for Measuring Economic Growth},
journal={American Economic Review},
volume={101},
number={3},
pages={194 a 199},
year={2011}
}

@article{Good,
author={Good, David F.},
year={1994},
title={The Economic Lag of Central and Eastern Europe: Income Estimates for the Habsburg Successor States, 1870 - 1910}, 
journal={Journal of Economic history},
volume={54 4 },
pages={869 a 91}}

@article{Lowe,
  author={Lowe, Matt},
  title={Night Lights and {ArcGIS}: A Brief Guide},
  journal={Economic Journal},
  year={2014},
  url={http://economics.mit.edu/files/8945} }

@misc{inegi_geo,
  author = {INEGI, Instituto Nacional de Estadística y Geografía},
  title = {Marco Geoestadístico Nacional},
  year = 2010,
  howpublished =  { \url{http://www.inegi.org.mx/geo/contenidos/geoestadistica/m_geoestadistico.aspx}},
  urldate = {2015-04-01}
}

@misc{inegi,
author = {INEGI, Instituto Nacional de Estadística y Geografía},
title={{PIB} - Entidad Federativa, anual},
  year = 2015,
  howpublished =  { \url{http://www.inegi.org.mx/est/contenidos/proyectos/cn/pibe/}},
  urldate = {2015-04-01}
}

@misc{pemex,
author={{PEMEX}, Petróleos Mexicanos},
title={Base de datos Institucional},
year={2015},
  howpublished =  { \url{http://ebdi.pemex.com/bdi/bdiController.do?action=temas}},
  urldate = {2015-04-01}
}

@misc{noaa,
  author = {NGDC, National Geophysical Data Center},
  title = {National Oceanic and Atmospheric Administration ({NOAA})},
  year = {2014},
  howpublished =  { \url{http://ngdc.noaa.gov/ngdc.html}},
  urldate = {2015-04-01}
}

@misc{noaa_sat,
  title = {Defense Meteorological Satellite Program ({DMSP})},
  autor = {NOAA, National Oceanic and Atmospheric Administration},
  year = {2014},
  howpublished =  { \url{http://ngdc.noaa.gov/eog/index.html }},
  urldate = {2015-04-01}
}

@book{clifford1981,
Author = {Cliff, Andrew D. and   J. K. Ord},
Title = {Spatial Processes: Models \& Applications},
Publisher = {Pion Limited},
Year = {1981}}

@book{clifford1973,
Author = {Cliff, Andrew D. and   J. K. Ord},
Title = {Spatial Autocorrelation},
Publisher = {Pion Limited},
Year = {1973} }

@book{GIS05,
author = {Longley, Paul A. and Goodchild, Michael F. and Maguire, David J. and  Rhind David W.},
title = {Geographical Information Systems: Principles, Techniques, Applications and Management},
publisher = {Abridged},
edition = {2},
year = {2005} }

@article{Chen11,
  author={Chen, Xi and William D. Nordhaus},
  title={Using luminosity data as a proxy for economic statistics},
  journal={DOI:1017031108},
  year={2011},
  volume={108 },
  number={21},
  pages={507-14},
  month={May},
  abstract={No abstract is available for this item.},
  url={http://www.pnas.org/content/108/21/8589.full#ref-13} }

@article{anselin93,
    author  = {Anselin, Luc},
    title   = {The Moran Scatterplot as an {ESDA} Tool to Assess Local Instability in Spatial Association},
    year    = {1993},
    journal = {{GISDATA} Specialist Meeting on {GIS} and Spatial Analysis},
    pages   = {645 a 678}
    }

@article {Tobler1970EG,
  title = {A computer model simulation of urban growth in the Detroit region},
	journal = {Economic Geography},
	volume = {46},
	number = {2},
	year = {1970},
	pages = {234 a 240},
	author = {Tobler, W. R.}
}
